
@article{Williams:2021s,
  author =	 {{Williams}, Robert and {Manea}, Catherine and
                  {Margon}, Bruce and {Morrell}, Nidia},
  journal =	 {\apj},
  month =	 jan,
  number =	 {1},
  pages =	 {31},
  title =	 {{Line Identification and Excitation of Autoionizing
                  States in a Late-type, Low-mass Wolf-Rayet Star}},
  volume =	 {906},
  year =	 2021
}

@article{Escalante:2012a,
  author =	 {{Escalante}, V. and {Morisset}, C. and {Georgiev},
                  L.},
  journal =	 {\mnras},
  month =	 nov,
  pages =	 {2318-2334},
  title =	 {{Excitation of emission lines by fluorescence and
                  recombination in IC 418}},
  volume =	 426,
  year =	 2012
}


@article{Escalante:2005a,
  author =	 {{Escalante}, V. and {Morisset}, C.},
  journal =	 {\mnras},
  month =	 aug,
  pages =	 {813-823},
  title =	 {{The NII spectrum of the Orion nebula}},
  volume =	 361,
  year =	 2005
}

@article{Davey:2000a,
  author =	 {{Davey}, A.~R. and {Storey}, P.~J. and {Kisielius},
                  R.},
  journal =	 {\aaps},
  month =	 feb,
  pages =	 {85-94},
  title =	 {{Recombination coefficients for C Ii lines}},
  volume =	 142,
  year =	 2000
}


@article{Pequignot:1991a,
  author =	 {{Pequignot}, D. and {Petitjean}, P. and {Boisson},
                  C.},
  journal =	 {\aap},
  month =	 nov,
  pages =	 {680-688},
  title =	 {{Total and effective radiative recombination
                  coefficients}},
  volume =	 251,
  year =	 1991
}
